<?xml version="1.0" encoding="UTF-8" ?>
<record Numero="13994544" format="InterXMarc_Complet" type="Authority">
<leader>00554c0 au22000272  45  <Pos Code="0004">00554</Pos>
<Pos Code="05" Sens="notice modifiée">c</Pos>
<Pos Code="06" Sens="notice validée par les services d&apos;autorité">0</Pos>
<Pos Code="08" Sens="notice d&apos;autorité">a</Pos>
<Pos Code="09" Sens="titre uniforme musical (TUM)">u</Pos>
<Pos Code="10">2</Pos>
<Pos Code="11">2</Pos>
<Pos Code="1216">00027</Pos>
<Pos Code="17" Sens="autres cas">2</Pos>
<Pos Code="20">4</Pos>
<Pos Code="21">5</Pos>
</leader>
<controlfield tag="001">FRBNF139945444<Pos Code="0001">FR</Pos>
<Pos Code="0204">BNF</Pos>
<Pos Code="0512">13994544</Pos>
<Pos Code="13">4</Pos>
</controlfield>
<controlfield tag="008">961023130719yy    sn        1894                             010 <Pos Code="0001">96</Pos>
<Pos Code="0203">10</Pos>
<Pos Code="0405">23</Pos>
<Pos Code="0607">13</Pos>
<Pos Code="0809">07</Pos>
<Pos Code="1011">19</Pos>
<Pos Code="1213" Sens="ne s&apos;applique pas">yy</Pos>
<Pos Code="1820">sn </Pos>
<Pos Code="2831">1894</Pos>
<Pos Code="61" Sens="La vedette peut être liée à une notice bibliographique pour les accès signalétiques et/ou pour l&apos;accès matière RAMEAU">0</Pos>
<Pos Code="62" Sens="La vedette ne peut s&apos;employer qu&apos;en tête de vedette">1</Pos>
<Pos Code="63" Sens="La vedette n&apos;admet pas de subdivision géographique">0</Pos>
</controlfield>
<datafield tag="048" ind1=" " ind2=" ">
	<subfield code="a">wc01<Pos Code="0001" Sens="instruments à vent - clarinette">wc</Pos>
<Pos Code="02">0</Pos>
<Pos Code="03">1</Pos>
</subfield>
	<subfield code="a">sb01<Pos Code="0001" Sens="cordes frottées - alto">sb</Pos>
<Pos Code="02">0</Pos>
<Pos Code="03">1</Pos>
</subfield>
	<subfield code="a">ka01<Pos Code="0001" Sens="clavier - piano">ka</Pos>
<Pos Code="02">0</Pos>
<Pos Code="03">1</Pos>
</subfield>
</datafield>
<datafield tag="100" ind1=" " ind2=" ">
	<subfield code="3">13891799</subfield>
	<subfield code="w">.0..b.....</subfield>
	<subfield code="a">Brahms</subfield>
	<subfield code="m">Johannes</subfield>
	<subfield code="d">1833-1897</subfield>
</datafield>
<datafield tag="144" ind1="1" ind2=" ">
	<subfield code="w">....b.fre.</subfield>
	<subfield code="a">Sonates</subfield>
	<subfield code="b">Clarinette, piano</subfield>
	<subfield code="p">Op. 120, no 1</subfield>
	<subfield code="t">Fa mineur</subfield>
</datafield>
<datafield tag="502" ind1=" " ind2=" ">
	<subfield code="3">13908888</subfield>
	<subfield code="a">Brahms</subfield>
	<subfield code="m">Johannes</subfield>
	<subfield code="d">1833-1897</subfield>
	<subfield code="t" Barre="3">[2 sonates. Clarinette, piano. Op. 120]</subfield>
</datafield>
<datafield tag="600" ind1=" " ind2=" ">
	<subfield code="a">Date de composition : 1894</subfield>
	<subfield code="a">1re exécution : 7 janvier 1895</subfield>
	<subfield code="a">1re exécution : 11 janvier 1895 avec alto</subfield>
</datafield>
<datafield tag="610" ind1=" " ind2=" ">
	<subfield code="a">Grove 6</subfield>
</datafield>
<datafield tag="917" ind1=" " ind2=" ">
	<subfield code="o">OPC</subfield>
	<subfield code="a">101296880</subfield>
</datafield>
<datafield tag="917" ind1=" " ind2=" ">
	<subfield code="o">OPC</subfield>
	<subfield code="a">100373790</subfield>
</datafield>
<datafield tag="996" ind1=" " ind2=" ">
	<subfield code="o">OPP</subfield>
	<subfield code="a">13908887</subfield>
	<subfield code="d">20130717</subfield>
</datafield>
<Alter Ori="13891799">
<datafield tag="400" ind1=" " ind2=" ">
	<subfield code="w">...2b.....</subfield>
	<subfield code="a">Marks</subfield>
	<subfield code="m">G. W.</subfield>
	<subfield code="d">1833-1897</subfield>
</datafield>
</Alter>
<Attr Nom="IDPerenne">ark:/12148/cb13994544z</Attr>
<Attr Nom="NumSource">OPC 101296880</Attr>
<Attr Nom="Source" Sens="BnF catalogue général (depuis 1999)">A</Attr>
<Attr Nom="NumAutoriteLiee">1389179913908888</Attr>
<Attr Nom="DateCreation">23/10/ 1996</Attr>
<Attr Nom="ResponsableCreation">MIGV2</Attr>
<Attr Nom="StructCreation">1</Attr>
<Attr Nom="DateDerniereValidation">19/07/ 2013</Attr>
<Attr Nom="ResponsableDerniereValidation">SERRES CATHERINE</Attr>
<Attr Nom="StructPremiereValidation">1</Attr>
<Attr Nom="DatePremiereValidation">23/10/ 1996</Attr>
<Attr Nom="ResponsablePremiereValidation">MIGV2</Attr>
<Attr Nom="StructDerniereValidation">82</Attr>
<Attr Nom="NumSource" Rep="1">OPC 100373790</Attr>
<Attr Nom="NumSource" Rep="2">OPP 13908887</Attr>
</record>
